<record><leader>00000cas a22000007a 4500</leader><controlfield tag="001">12578942</controlfield><controlfield tag="008">850920d19131928wiuwr ne      0    0eng d</controlfield><datafield ind1=" " ind2=" " tag="010"><subfield code="a">sn 85041040 </subfield></datafield><datafield ind1=" " ind2=" " tag="040"><subfield code="a">NPV</subfield><subfield code="b">eng</subfield><subfield code="c">NPV</subfield><subfield code="d">GUA</subfield><subfield code="d">OCL</subfield><subfield code="d">OCLCQ</subfield><subfield code="d">DLC</subfield></datafield><datafield ind1=" " ind2=" " tag="042"><subfield code="a">msc</subfield></datafield><datafield ind1=" " ind2=" " tag="045"><subfield code="a">x1x2</subfield></datafield><datafield ind1=" " ind2=" " tag="052"><subfield code="a">4123</subfield><subfield code="b">O9</subfield></datafield><datafield ind1="0" ind2="4" tag="245"><subfield code="a">The Port Washington star and Ozaukee County advertiser.</subfield></datafield><datafield ind1="1" ind2="3" tag="246"><subfield code="a">Cedarburg correspondent</subfield></datafield><datafield ind1="1" ind2="7" tag="246"><subfield code="a">Port Washington star</subfield></datafield><datafield ind1=" " ind2=" " tag="260"><subfield code="a">Port Washington, Wis. :</subfield><subfield code="b">Star Printing,</subfield><subfield code="c">1913-1928.</subfield></datafield><datafield ind1=" " ind2=" " tag="300"><subfield code="a">v. :</subfield><subfield code="b">ill.</subfield></datafield><datafield ind1=" " ind2=" " tag="310"><subfield code="a">Weekly</subfield></datafield><datafield ind1="0" ind2=" " tag="362"><subfield code="a">Whole no. 2016 (Feb. 1, 1913)-no. 2744 (Apr. 20, 1928).</subfield></datafield><datafield ind1=" " ind2=" " tag="525"><subfield code="a">Supplement entitled: Cedarburg correspondent, Oct. 11, 1913-May 25, 1918.</subfield></datafield><datafield ind1=" " ind2=" " tag="530"><subfield code="a">Available on microfilm from The State Historical Society of Wisconsin.</subfield></datafield><datafield ind1=" " ind2=" " tag="580"><subfield code="a">Merged with: Grafton enterprise, and: Port Washington pilot, to form: Port Washington pilot, Port Washington star and Grafton enterprise.</subfield></datafield><datafield ind1=" " ind2=" " tag="752"><subfield code="a">United States</subfield><subfield code="b">Wisconsin</subfield><subfield code="c">Ozaukee</subfield><subfield code="d">Port Washington.</subfield></datafield><datafield ind1=" " ind2=" " tag="752"><subfield code="a">United States</subfield><subfield code="b">Wisconsin</subfield><subfield code="c">Ozaukee</subfield><subfield code="d">Cedarburg.</subfield></datafield><datafield ind1="0" ind2="4" tag="780"><subfield code="t">Port Washington star</subfield><subfield code="w">(DLC)sn 85041041</subfield></datafield><datafield ind1="0" ind2="4" tag="780"><subfield code="t">Ozaukee County advertiser</subfield><subfield code="w">(DLC)sn 85041028</subfield></datafield><datafield ind1="1" ind2="7" tag="785"><subfield code="t">Grafton enterprise</subfield><subfield code="x">2574-7851</subfield><subfield code="w">(DLC)sn 84024831</subfield></datafield><datafield ind1="1" ind2="7" tag="785"><subfield code="t">Port Washington pilot</subfield></datafield><datafield ind1="1" ind2="7" tag="785"><subfield code="t">Port Washington pilot, Port Washington star and Grafton enterprise</subfield></datafield><datafield ind1="1" ind2=" " tag="029"><subfield code="a">AU@</subfield><subfield code="b">000021431973</subfield></datafield></record>